@article{brette2019,
  title={Is coding a relevant metaphor for the brain?},
  author={Brette, Romain},
  journal={Behavioral and Brain Sciences},
  pages={1--44},
  year={2019},
  publisher={Cambridge University Press}
}

@article{brette2015,
  title={Philosophy of the spike: rate-based vs. spike-based theories of the brain},
  author={Brette, Romain},
  journal={Frontiers in systems neuroscience},
  volume={9},
  pages={151},
  year={2015},
  publisher={Frontiers}
}

@article{hammarberg1976,
  title={The metaphysics of coarticulation},
  author={Hammarberg, Robert},
  journal={Journal of phonetics},
  volume={4},
  number={4},
  pages={353--363},
  year={1976},
  publisher={Elsevier}
}

@article{hammarberg1981,
  title={The cooked and the raw},
  author={Hammarberg, Robert},
  journal={Journal of Information Science},
  volume={3},
  number={6},
  pages={261--267},
  year={1981},
  publisher={Sage Publications Sage CA: Thousand Oaks, CA}
}



@book{harris1992,
  author    = {Harris-Warrick, Ronald M and Marder, Eve Ed and Selverston, Allen I and Moulins, Maurice Ed},
  title     = {Dynamic biological networks: The stomatogastric nervous system.},
  publisher = {The MIT Press},
  year      = 1992,
  address   = {Cambridge, MA},
}

@article{marder2015,
  title={Robust circuit rhythms in small circuits arise from variable circuit components and mechanisms},
  author={Marder, Eve and Goeritz, Marie L and Otopalik, Adriane G},
  journal={Current opinion in neurobiology},
  volume={31},
  pages={156--163},
  year={2015},
  publisher={Elsevier}
}

@article{marr1982,
  title={Vision: A computational investigation into the human representation and processing of visual information},
  author={Marr, David},
  year={1982},
  publisher={CUMINCAD}
}

@article{prinz2004,
  title={Similar network activity from disparate circuit parameters},
  author={Prinz, Astrid A and Bucher, Dirk and Marder, Eve},
  journal={Nature neuroscience},
  volume={7},
  number={12},
  pages={1345},
  year={2004},
  publisher={Nature Publishing Group}
}


@article{reichardt1976,
  title={Visual control of orientation behaviour in the fly: Part I. A quantitative analysis},
  author={Reichardt, Werner and Poggio, Tomaso},
  journal={Quarterly reviews of biophysics},
  volume={9},
  number={3},
  pages={311--375},
  year={1976},
  publisher={Cambridge University Press}
}

@book{smolensky2006,
  title={The harmonic mind: From neural computation to optimality-theoretic grammar (Cognitive architecture), Vol. 1},
  author={Smolensky, Paul and Legendre, G{\'e}raldine},
  year={2006},
  publisher={MIT press}
}
